# Encoding: UTF-8

@article{Kozma_Thom_2016,
  author    = {Gady Kozma and Andreas Thom},
  title     = {Divisibility and laws in finite simple groups},
  journal   = {Mathematische Annalen},
  publisher = {Springer},
urldate   = {2024-17-07},
  year      = {2016},
  volume    = {364},
  number    = {1-2},
  pages     = {79--95}
}

@article{Chilebus_Cocke_Ho_2024,
  author    = {Bogdan S. Chibelius and William Cocke and Meng--Che Ho},
  title     = {Enumerating Word Maps in Finite Groups},
  journal   = {International Journal of Group Theory},
  publisher = {University of Isfahan},
urldate   = {2024-17-07},
  year      = {2016},
  volume    = {13},
  number    = {3},
  pages     = {307--318}
}

@book{Lyndon_Schupp_2015,
  author    = {Roger Lyndon and Paul Schupp},
  title     = {Combinatorial group theory},
  publisher = {Springer Science & Business Media},
  year      = {2015}
}


@mastersthesis{Schneider_2016,
  author    = {Jakob Schneider},
  title     = {On the length of group laws},
  school    = {Technische Universit√§t Dresden},
  year      = {2016},
  type      = {magistrsko delo},
  address   = {Department of mathematics}
}

@misc{Bradford_Thom_2022,
  author    = {Henry Bradford and Andreas Thom},
  title     = {Short laws for finite groups of Lie type},
  year      = {2022},
  note      = {verzija 5. 10. 2022 [ogled 29. 2. 2024]},
  url       = {https://arxiv.org/abs/1811.05401}
}

@misc{Bradford_Jakob_Schneider_Thom_2023,
  author    = {Henry Brandford and Jakob Schneider and Andreas Thom},
  title     = {Non-singular word maps for linear groups},
  year      = {2023},
  note      = {verzija 7. 11. 2023 [ogled 29. 2. 2024]},
  url       = {https://arxiv.org/abs/2311.03981}
}

@misc{Amir_Blachar_Gerasimova_Kozma_2023,
  author    = {Gideon Amir and Guy Blachar and Maria Gerasimova and Gady Kozma},
  title     = {Probabilistic laws on infinite groups},
  year      = {2023},
  note      = {verzija 18. 4. 2023 [ogled 29. 2. 2024]},
  url       = {https://arxiv.org/abs/2304.09144}
}

@article{Cocke_2020,
author = {Cocke, William and Skabelund, Dane},
title = {The free spectrum of A5},
journal = {International Journal of Algebra and Computation},
volume = {30},
number = {04},
pages = {685-691},
year = {2020},
URL = {https://doi.org/10.1142/S0218196720500162},
eprint = {https://doi.org/10.1142/S0218196720500162},
    abstract = { We obtain a formula for the orders of the relatively free groups of finite rank in the variety generated by the alternating group A5. This is accomplished by explicitly determining the structure of the commutator subgroups of these groups. }
}


